<record><leader>00000cas a22000007i 4500</leader><controlfield tag="001">862979539</controlfield><controlfield tag="006">m     o  d        </controlfield><controlfield tag="007">cr |n|000|||||</controlfield><controlfield tag="008">940125d18671869tnuwr neo     0   a0eng  </controlfield><datafield ind1=" " ind2=" " tag="010"><subfield code="a">  2013271970</subfield></datafield><datafield ind1=" " ind2=" " tag="040"><subfield code="a">Nz</subfield><subfield code="b">eng</subfield><subfield code="e">rda</subfield><subfield code="c">Z5A</subfield><subfield code="d">DLC</subfield><subfield code="d">OCLCF</subfield></datafield><datafield ind1="0" ind2=" " tag="022"><subfield code="a">2333-455X</subfield><subfield code="2">1</subfield></datafield><datafield ind1="0" ind2=" " tag="029"><subfield code="a">NZ1</subfield><subfield code="b">15127749</subfield></datafield><datafield ind1=" " ind2=" " tag="042"><subfield code="a">msc</subfield><subfield code="a">nsdp</subfield></datafield><datafield ind1=" " ind2=" " tag="043"><subfield code="a">n-us-tn</subfield></datafield><datafield ind1="1" ind2="0" tag="050"><subfield code="a">ISSN RECORD</subfield></datafield><datafield ind1="0" ind2="0" tag="082"><subfield code="a">071</subfield><subfield code="2">23</subfield></datafield><datafield ind1="0" ind2=" " tag="130"><subfield code="a">Sweetwater forerunner (Online)</subfield></datafield><datafield ind1=" " ind2="4" tag="222"><subfield code="a">The Sweetwater forerunner</subfield><subfield code="b">(Online)</subfield></datafield><datafield ind1="1" ind2="4" tag="245"><subfield code="a">The Sweetwater forerunner.</subfield></datafield><datafield ind1=" " ind2="1" tag="264"><subfield code="a">Sweetwater, Tenn. :</subfield><subfield code="b">Hugh L. Fry</subfield></datafield><datafield ind1=" " ind2=" " tag="300"><subfield code="a">1 online resource</subfield></datafield><datafield ind1=" " ind2=" " tag="310"><subfield code="a">Weekly</subfield></datafield><datafield ind1=" " ind2=" " tag="336"><subfield code="a">text</subfield><subfield code="b">txt</subfield><subfield code="2">rdacontent</subfield></datafield><datafield ind1=" " ind2=" " tag="337"><subfield code="a">computer</subfield><subfield code="b">c</subfield><subfield code="2">rdamedia</subfield></datafield><datafield ind1=" " ind2=" " tag="338"><subfield code="a">online resource</subfield><subfield code="b">cr</subfield><subfield code="2">rdacarrier</subfield></datafield><datafield ind1="1" ind2=" " tag="362"><subfield code="a">Began in 1867; ceased in 1869.</subfield></datafield><datafield ind1=" " ind2=" " tag="500"><subfield code="a">Publishers: Hugh L. Fry, 1867-1868; Fry &amp; Fisher, May 21-Oct. 29, 1868; H.L. Fry, Nov. 5-Dec. 10, 1868; Charles M. Fisher, Dec. 17, 1868-&lt;Jan. 21&gt;, 1869; H.L. Fry, &lt;Feb. 25, 1869&gt;; C.B. Woodward, &lt;Mar. 18, 1869&gt;.</subfield></datafield><datafield ind1=" " ind2=" " tag="588"><subfield code="a">Description based on: Volume I, number 22 (March 13, 1868); title from masthead (Chroniclingamerica.loc.gov, viewed January 29, 2014).</subfield></datafield><datafield ind1=" " ind2=" " tag="588"><subfield code="a">Latest issue consulted: Volume II, number 19 (March 18, 1869) (Chroniclingamerica.loc.gov, viewed January 29, 2014).</subfield></datafield><datafield ind1=" " ind2="0" tag="651"><subfield code="a">Sweetwater (Tenn.)</subfield><subfield code="v">Newspapers.</subfield></datafield><datafield ind1=" " ind2="7" tag="655"><subfield code="a">Newspapers.</subfield><subfield code="2">fast</subfield><subfield code="0">(OCoLC)fst01423814</subfield></datafield><datafield ind1=" " ind2="7" tag="651"><subfield code="a">Tennessee</subfield><subfield code="z">Sweetwater.</subfield><subfield code="2">fast</subfield><subfield code="0">(OCoLC)fst01226843</subfield></datafield><datafield ind1=" " ind2=" " tag="752"><subfield code="a">United States</subfield><subfield code="b">Tennessee</subfield><subfield code="c">Monroe</subfield><subfield code="d">Sweetwater.</subfield></datafield><datafield ind1="0" ind2="8" tag="776"><subfield code="i">Originally issued in print:</subfield><subfield code="t">Sweetwater forerunner</subfield><subfield code="x">2333-4541</subfield><subfield code="w">(DLC)sn 97065409</subfield><subfield code="w">(OCoLC)29680754</subfield></datafield><datafield ind1="0" ind2="0" tag="785"><subfield code="t">Sweetwater enterprise (Sweetwater, Tenn. : 1869 : Online)</subfield></datafield><datafield ind1="4" ind2="0" tag="856"><subfield code="u">http://www.loc.gov/chroniclingamerica/lccn/sn97065409/issues</subfield></datafield></record>